@article{scassellati2012robots,
  title={Robots for use in autism research},
  author={Scassellati, Brian and Admoni, Henny and Mataric, Maja},
  journal={Annual review of biomedical engineering},
  volume={14},
  pages={275--294},
  year={2012},
  publisher={Annual Reviews}
}
@article{Thill2013,
  title={Robot-assisted therapy for autism spectrum disorders with (partially) autonomous control: Challenges and outlook},
  author={Thill, Serge and Pop, Cristina A and Belpaeme, Tony and Ziemke, Tom and Vanderborght, Bram},
  journal={Paladyn},
  volume={3},
  number={4},
  pages={209--217},
  year={2012},
  publisher={Springer}
}

@inproceedings{baxter2012touchscreen,
  title={A touchscreen-based ‘Sandtray’to facilitate, mediate and contextualise human-robot social interaction},
  author={Baxter, Paul and Wood, Rachel and Belpaeme, Tony},
  booktitle={Human-Robot Interaction (HRI), 2012 7th ACM/IEEE International Conference on},
  pages={105--106},
  year={2012},
  organization={IEEE}
}

@article{chernova2009,
  title={Interactive policy learning through confidence-based autonomy},
  author={Chernova, Sonia and Veloso, Manuela},
  journal={Journal of Artificial Intelligence Research},
  volume={34},
  number={1},
  pages={1},
  year={2009}
}


@inproceedings{Senft,
 author = {Senft, Emmanuel and Baxter, Paul and Kennedy, James and Belpaeme, Tony},
 title = {When is It Better to Give Up?: Towards Autonomous Action Selection for Robot Assisted ASD Therapy},
 booktitle = {Proceedings of the Tenth Annual ACM/IEEE International Conference on Human-Robot Interaction Extended Abstracts},
 year = {2015},
 location = {Portland, Oregon, USA},
 pages = {197--198},
 numpages = {2},
 publisher = {ACM},
 keywords = {ASD, RAT, action selection, cognitive robotics, social robotics},
} 


@article{Riek2012,
author = {Riek, Laurel},
journal = {Journal of Human-Robot Interaction},
keywords = {human-robot interaction,method-,reporting guidelines,systematic review,wizard of oz},
month = aug,
number = {1},
pages = {119--136},
title = {{Wizard of Oz Studies in HRI: A Systematic Review and New Reporting Guidelines}},
volume = {1},
year = {2012}
}

@article{Vanderborght2012,
author = {Vanderborght, Bram and Simut, Ramona and Saldien, Jelle},
journal = {Interaction Studies},
keywords = {ASD children,asd children,robot assisted therapy,social robot,social story},
number = {Tager 2001},
title = {{Using the social robot probo as a social story telling agent for children with ASD}},
volume = {110},
year = {2012}
}

@article{Robins2005,
author = {Robins, B. and Dautenhahn, K. and Boekhorst, R. Te and Billard, A.},
journal = {Universal Access in the Information Society},
keywords = {autism therapy \ae longitudinal,below,benefit from interactions with,computerized systems,interaction,longitudinal study with,see,study \ae robotic assistant,this article presents a,\ae imitation \ae social},
month = jul,
number = {2},
pages = {105--120},
title = {{Robotic assistants in therapy and education of children with autism: can a small humanoid robot help encourage social interaction skills?}},
volume = {4},
year = {2005}
}

@article{Feil-Seifer2008,
author = {Feil-Seifer, D and Mataric, MJ},
journal = {RO-MAN 2008.},
keywords = {Applications of Social Robots,Assistive Robotics,Computational Architectures},
pages = {},
title = {{B3IA: A control architecture for autonomous robot-assisted behavior intervention for children with Autism Spectrum Disorders}},
url = {http://ieeexplore.ieee.org/xpls/abs\_all.jsp?arnumber=4600687},
year = {2008}
}

@article{Robins2009,
author = {Robins, Ben and Dautenhahn, Kerstin and Dickerson, Paul},
journal = {Conferences on Advances in Computer-Human Interactions},
keywords = {Assistive Technology, Human-Robot Interaction (HRI), Autism therapy, Robot Assited Play},
month = feb,
pages = {205--211},
publisher = {Ieee},
title = {{From Isolation to Communication: A Case Study Evaluation of Robot Assisted Play for Children with Autism with a Minimally Expressive Humanoid Robot}},
year = {2009}
}

@inproceedings{dautenhahn1999,
  title={Robots as social actors: Aurora and the case of autism},
  author={Dautenhahn, Kerstin},
  booktitle={Proc. CT99, The Third International Cognitive Technology Conference, August, San Francisco},
  volume={359},
  pages={374},
  year={1999}
}

@inproceedings{doshi2008,
  title={Reinforcement learning with limited reinforcement: Using Bayes risk for active learning in POMDPs},
  author={Doshi, Finale and Pineau, Joelle and Roy, Nicholas},
  booktitle={Proceedings of the 25th international conference on Machine learning},
  pages={256--263},
  year={2008},
  organization={ACM}
}

@article{Abbeel2004,
archivePrefix = {arXiv},
arxivId = {1206.5264},
author = {Abbeel, Pieter and Ng, Andrew Y},
doi = {10.1145/1015330.1015430},
eprint = {1206.5264},
isbn = {1581138385 (ISBN)},
journal = {Proceedings of the 21st International Conference on Machine Learning (ICML)},
keywords = {Algorithms,Apprenticeship learning,Bellman's equations,Decision making,Iterative methods,Learning systems,Markov decision process (MDP),Markov processes,Probability,Reinforcement learning,Theorem proving,Vectors},
pages = {1--8},
title = {{Apprenticeship learning via inverse reinforcement learning}},
url = {http://www.scopus.com/inward/record.url?eid=2-s2.0-14344251217\&partnerID=40},
year = {2004}
}

@book{barto1998reinforcement,
  title={Reinforcement learning: An introduction},
  author={Barto, Andrew G},
  year={1998},
  publisher={MIT press}
}

@article{kaelbling1996reinforcement,
  title={Reinforcement learning: A survey},
  author={Kaelbling, Leslie Pack and Littman, Michael L and Moore, Andrew W},
  journal={Journal of artificial intelligence research},
  pages={237--285},
  year={1996}
}

@misc{kotsiantis2007supervised,
  title={Supervised machine learning: A review of classification techniques},
  author={Kotsiantis, Sotiris B and Zaharakis, I and Pintelas, P},
  year={2007}
}

@article{Thomaz2008,
author = {Thomaz, Andrea L. and Breazeal, Cynthia},
journal = {Artificial Intelligence},
keywords = {Human–robot interaction,Reinforcement learning,User studies},
number = {6-7},
pages = {716--737},
title = {{Teachable robots: Understanding human teaching behavior to build more effective robot learners}},
volume = {172},
year = {2008}
}

@inproceedings{knox2014learning,
  title={Learning Social Interaction from the Wizard: A Proposal},
  author={Knox, W Bradley and Spaulding, Samuel and Breazeal, Cynthia},
  booktitle={Workshops at the Twenty-Eighth AAAI Conference on Artificial Intelligence},
  year={2014}
}

@inproceedings{doshi2008reinforcement,
  title={Reinforcement learning with limited reinforcement: Using Bayes risk for active learning in POMDPs},
  author={Doshi, Finale and Pineau, Joelle and Roy, Nicholas},
  booktitle={Proceedings of the 25th international conference on Machine learning},
  pages={256--263},
  year={2008},
  organization={ACM}
}
@inproceedings{cakmak2012designing,
  title={Designing robot learners that ask good questions},
  author={Cakmak, Maya and Thomaz, Andrea L},
  booktitle={Proceedings of the seventh annual ACM/IEEE international conference on Human-Robot Interaction},
  pages={17--24},
  year={2012},
  organization={ACM}
}
@incollection{billard2008robot,
  title={Robot programming by demonstration},
  author={Billard, Aude and Calinon, Sylvain and Dillmann, R{\v{R}}diger and Schaal, Stefan},
  booktitle={Springer handbook of robotics},
  pages={1371--1394},
  year={2008},
  publisher={Springer}
}
@article{argall2009survey,
  title={A survey of robot learning from demonstration},
  author={Argall, Brenna D and Chernova, Sonia and Veloso, Manuela and Browning, Brett},
  journal={Robotics and autonomous systems},
  volume={57},
  number={5},
  pages={469--483},
  year={2009},
  publisher={Elsevier}
}
@inproceedings{wainer2010collaborating,
  title={Collaborating with Kaspar: Using an autonomous humanoid robot to foster cooperative dyadic play among children with autism},
  author={Wainer, Joshua and Dautenhahn, Kerstin and Robins, Ben and Amirabdollahian, Farshid},
  booktitle={Humanoid Robots (Humanoids), 2010},
  pages={631--638},
  year={2010},
  organization={IEEE}
}

@unpublished{MLIS,
  title={Human-Guided Learning of Social Action Selection for Robot-Assisted Therapy},
  author={Senft, Emmanuel and Baxter, Paul and Belpaeme, Tony},
  note={in press for 4th Workshop on Machine Learning for Interactive Systems},
  year={2015},
 }
 
@article{Bartneck2004,
author = {Bartneck, C. and Forlizzi, J.},
doi = {10.1109/ROMAN.2004.1374827},
file = {:D$\backslash$:/boulot/PhD/divers/mendeley/Bartneck, Forlizzi - 2004 - A design-centred framework for social human-robot interaction.pdf:pdf},
isbn = {0-7803-8570-5},
journal = {RO-MAN 2004. 13th IEEE International Workshop on Robot and Human Interactive Communication (IEEE Catalog No.04TH8759)},
pages = {591--594},
publisher = {Ieee},
title = {{A design-centred framework for social human-robot interaction}},
url = {http://ieeexplore.ieee.org/lpdocs/epic03/wrapper.htm?arnumber=1374827},
year = {2004}
}

@article{Fong2003,
author = {Fong, Terrence and Nourbakhsh, Illah and Dautenhahn, Kerstin},
doi = {10.1016/S0921-8890(02)00372-X},
file = {:D$\backslash$:/boulot/PhD/divers/mendeley/Fong, Nourbakhsh, Dautenhahn - 2003 - A survey of socially interactive robots.pdf:pdf},
issn = {09218890},
journal = {Robotics and Autonomous Systems},
keywords = {human,interaction aware robot,robot interaction,sociable robot,social robot,socially interactive robot},
month = mar,
number = {3-4},
pages = {143--166},
title = {{A survey of socially interactive robots}},
url = {http://linkinghub.elsevier.com/retrieve/pii/S092188900200372X},
volume = {42},
year = {2003}
}

@article{Brooks1986,
author = {Brooks, RA},
file = {:D$\backslash$:/boulot/PhD/divers/mendeley/Brooks - 1986 - A robust layered control system for a mobile robot.pdf:pdf},
journal = {Robotics and Automation, IEEE Journal of},
title = {{A robust layered control system for a mobile robot}},
url = {http://ieeexplore.ieee.org/xpls/abs\_all.jsp?arnumber=1087032},
year = {1986}
}

@article{Steels1989,
author = {Steels, Luc},
file = {:D$\backslash$:/boulot/PhD/divers/mendeley/Steels - 1989 - COOPERATION BETWEEN DISTRIBUTED AGENTS THROUGH SELF-ORCAMSATION.pdf:pdf},
title = {{Cooperation Between Distributed Agents Through Self-Organisation}},
url = {http://scholar.google.com/scholar?hl=en\&btnG=Search\&q=intitle:COOPERATION+BETWEEN+DISTRIBUTED+AGENTS+THROUGH+SELF-ORCAMSATION+Luc+Steels\#0},
year = {1989}
}

@incollection{Wooldridge1999,
  author      = "M. Wooldridge",
  title       = "Intelligent Agents",
  editor      = "G. Weiss",
  booktitle   = " Multiagent Systems",
  publisher   = " The MIT Press",
  year        = 1999,
}

@article{Tyrrell1993,
author = {Tyrrell, Toby},
file = {:D$\backslash$:/boulot/PhD/divers/mendeley/Tyrrell - 1993 - Computational mechanisms for action selection.pdf:pdf},
title = {{Computational mechanisms for action selection}},
url = {http://w2mind.computing.dcu.ie/worlds/w2m.TyrrellWorld/tyrrell\_phd.pdf},
year = {1993}
}

@book{Breazeal2004,
author = {Breazeal, C},
file = {:D$\backslash$:/boulot/PhD/divers/mendeley/Breazeal - 2004 - Designing sociable robots.pdf:pdf},
isbn = {0262025108},
title = {{Designing sociable robots}},
url = {http://books.google.com/books?hl=en\&lr=\&id=402dquhxSTQC\&oi=fnd\&pg=PA1\&dq=Designing+Sociable+Robots\&ots=ozRmtVtdzc\&sig=9R4\_-3tebeV3cJrcfMPljdwKWjM},
year = {2004}
}
@article{Breazeal2000,
author = {Breazeal, C and Scassellati, Brian},
file = {:D$\backslash$:/boulot/PhD/divers/mendeley/Breazeal, Scassellati - 2000 - Infant-like social interactions between a robot and a human caregiver.pdf:pdf},
journal = {Adaptive Behavior},
keywords = {emotion,learning,motivation},
mendeley-tags = {emotion,learning,motivation},
number = {617},
title = {{Infant-like social interactions between a robot and a human caregiver}},
url = {http://adb.sagepub.com/content/8/1/49.short},
year = {2000}
}
@article{Breazeal2004a,
author = {Breazeal, C},
doi = {10.1109/TSMCC.2004.826270},
file = {:D$\backslash$:/boulot/PhD/divers/mendeley/Breazeal - 2004 - Function Meets Style Insights From Emotion Theory Applied to HRI.pdf:pdf},
issn = {1094-6977},
journal = {IEEE Transactions on Systems, Man and Cybernetics, Part C (Applications and Reviews)},
keywords = {emotion,ethology},
mendeley-tags = {emotion,ethology},
month = may,
number = {2},
pages = {187--194},
title = {{Function Meets Style: Insights From Emotion Theory Applied to HRI}},
url = {http://ieeexplore.ieee.org/lpdocs/epic03/wrapper.htm?arnumber=1291666},
volume = {34},
year = {2004}
}

@article{Scheutz2009,
author = {Scheutz, Matthias and Schermerhorn, Paul},
file = {:D$\backslash$:/boulot/PhD/divers/mendeley/Scheutz, Schermerhorn - 2009 - Affective goal and task selection for social robots.pdf:pdf},
journal = {Handbook of research on synthetic \ldots},
keywords = {Diarc,affective evaluation,architecture},
mendeley-tags = {Diarc,affective evaluation,architecture},
pages = {1--16},
title = {{Affective goal and task selection for social robots}},
url = {http://www.researchgate.net/publication/228646482\_Affective\_goal\_and\_task\_selection\_for\_social\_robots/file/72e7e51d5b83a3cfc7.pdf},
year = {2009}
}



@article{Avila-Garcia2004,
author = {Avila-Garcia, O and Ca\~{n}amero, L},
file = {:D$\backslash$:/boulot/PhD/divers/mendeley/Avila-garc, Ca - 2003 - Using Hormonal Feedback to Modulate Action Selection in a Competitive Scenario.pdf:pdf},
journal = {From animals to animats},
keywords = {behavior,hormones,motivation},
mendeley-tags = {behavior,hormones,motivation},
title = {{Using hormonal feedback to modulate action selection in a competitive scenario}},
url = {http://books.google.com/books?hl=en\&lr=\&id=KtH3hF1-ZtEC\&oi=fnd\&pg=PA243\&dq=Using+Hormonal+Feedback+to+Modulate+Action+Selection+in+a+Competitive+Scenario\&ots=4sb25Fhx9s\&sig=FGAa\_eLV43ZNzckEYFPIck8CI08},
year = {2004}
}
@article{Lones2014,
author = {Lones, John and Lewis, Matt and Ca\~{n}amero, L},
file = {:D$\backslash$:/boulot/PhD/divers/mendeley/Lones, Lewis, Ca\~{n}amero - 2014 - Hormonal modulation of development and behaviour permits a robot to adapt to novel interactions.pdf:pdf},
isbn = {9780262326216},
journal = {ALIFE 14: The Fourteenth Conference on \ldots},
title = {{Hormonal modulation of development and behaviour permits a robot to adapt to novel interactions}},
url = {http://mitpress.mit.edu/sites/default/files/titles/content/alife14/ch031.html},
year = {2014}
}
@article{Canamero1997,
author = {Ca\~{n}amero, D},
file = {:D$\backslash$:/boulot/PhD/divers/mendeley/Ca\~{n}amero - 1997 - Modeling motivations and emotions as a basis for intelligent behavior.pdf:pdf},
journal = {Proceedings of the first international conference on \ldots},
number = {Abbott 1884},
title = {{Modeling motivations and emotions as a basis for intelligent behavior}},
url = {http://dl.acm.org/citation.cfm?id=267688},
year = {1997}
}
@article{Hiolle2014,
author = {Hiolle, Antoine and Lewis, Matthew and Ca\~{n}amero, L},
file = {:D$\backslash$:/boulot/PhD/divers/mendeley/Hiolle, Lewis, Ca\~{n}amero - 2014 - A Robot that Uses Arousal to Detect Learning Challenges and Seek Help.pdf:pdf},
isbn = {9780262326216},
journal = {ALIFE 14: The Fourteenth Conference on \ldots},
title = {{A Robot that Uses Arousal to Detect Learning Challenges and Seek Help}},
url = {http://mitpress.mit.edu/sites/default/files/titles/content/alife14/ch142.html},
year = {2014}
}
@article{Hiolle2014a,
author = {Hiolle, Antoine and Lewis, Matthew and Ca\~{n}amero, L},
doi = {10.3389/fnbot.2014.00017},
file = {:D$\backslash$:/boulot/PhD/divers/mendeley/Hiolle, Lewis, Ca\~{n}amero - 2014 - Arousal regulation and affective adaptation to human responsiveness by a robot that explores and learns.pdf:pdf},
issn = {1662-5218},
journal = {Frontiers in neurorobotics},
keywords = {affective,affective adaptation,arousal,attachment bonds,autonomous robots,developmental robotics,emotion regulation,human,robot interaction,social robotics},
month = jan,
number = {May},
pages = {17},
pmid = {24860492},
title = {{Arousal regulation and affective adaptation to human responsiveness by a robot that explores and learns a novel environment}},
url = {http://www.pubmedcentral.nih.gov/articlerender.fcgi?artid=4030164\&tool=pmcentrez\&rendertype=abstract http://www.ncbi.nlm.nih.gov/pmc/articles/PMC4030164/},
volume = {8},
year = {2014}
}

@book{damasio1994descartes,
  title={Descartes' error: Emotion, reason and the human brain},
  author={Damasio, Antonio},
  year={1994},
  publisher={G.P. Putnam's Sons, New York}
}

@article{Velasquez1998a,
author = {Vel\'{a}squez, J},
file = {:D$\backslash$:/boulot/PhD/divers/mendeley/Vel\'{a}squez - 1998 - Modeling emotion-based decision-making.pdf:pdf},
journal = {Emotional and intelligent: The tangled knot of \ldots},
title = {{Modeling emotion-based decision-making}},
url = {http://www.global-media.org/neome/docs/PDF's/01 - the best ones/emotional agents.pdf},
year = {1998}
}

@article{Velasquez1998b,
author = {Vel\'{a}squez, J},
file = {:D$\backslash$:/boulot/PhD/divers/mendeley/Vel\'{a}squez - 1998 - A computational framework for emotion-based control.ps:ps},
journal = {Proceedings of the Workshop on Grounding Emotions \ldots},
title = {{A computational framework for emotion-based control}},
url = {http://www.ofai.at/~paolo.petta/conf/sab98/final/velasquez.ps.gz},
year = {1998}
}

@article{Velasquez1998,
author = {Vel\'{a}squez, J},
file = {:D$\backslash$:/boulot/PhD/divers/mendeley/Vel\'{a}squez - 1998 - When robots weep emotional memories and decision-making.pdf:pdf},
journal = {AAAI/IAAI},
title = {{When robots weep: emotional memories and decision-making}},
url = {http://www.aaai.org/AITopics/assets/PDF/AAAI98-010.pdf},
year = {1998}
}

@article{Scheutz2006,
author = {Scheutz, Matthias and Schermerhorn, Paul and Kramer, James and Anderson, David},
doi = {10.1007/s10514-006-9018-3},
file = {:D$\backslash$:/boulot/PhD/divers/mendeley/Scheutz et al. - 2006 - First steps toward natural human-like HRI.pdf:pdf},
issn = {0929-5593},
journal = {Autonomous Robots},
month = dec,
number = {4},
pages = {411--423},
title = {{First steps toward natural human-like HRI}},
url = {http://link.springer.com/10.1007/s10514-006-9018-3},
volume = {22},
year = {2006}
}

@article{Moshkina2003,
author = {Moshkina, L. and Arkin, R.C.},
doi = {10.1109/ICSMC.2003.1244505},
file = {:D$\backslash$:/boulot/PhD/divers/mendeley/Moshkina, Arkin - 2003 - On TAMEing robots.pdf:pdf},
isbn = {0-7803-7952-7},
journal = {SMC'03 Conference Proceedings. 2003 IEEE International Conference on Systems, Man and Cybernetics. Conference Theme - System Security and Assurance (Cat. No.03CH37483)},
keywords = {computational,human-robot interaction,models of emotion and,personality},
pages = {3949--3959},
publisher = {Ieee},
title = {{On TAMEing robots}},
url = {http://ieeexplore.ieee.org/lpdocs/epic03/wrapper.htm?arnumber=1244505},
volume = {4},
year = {2003}
}

@article{Oudeyer2005,
author = {Oudeyer, PY and Kaplan, F},
file = {:D$\backslash$:/boulot/PhD/divers/mendeley/Oudeyer, Kaplan - 2005 - The playground experiment Task-independent development of a curious robot.pdf:pdf},
journal = {Proceedings of the AAAI \ldots},
title = {{The playground experiment: Task-independent development of a curious robot}},
url = {http://www.cs.swarthmore.edu/~meeden/DevelopmentalRobotics/oudeyer.pdf},
year = {2005}
}

@article{Taffoni2014,
author = {Taffoni, Fabrizio and Tamilia, Eleonora and Focaroli, Valentina},
file = {:D$\backslash$:/boulot/PhD/divers/mendeley/Taffoni, Tamilia, Focaroli - 2014 - Development of goal-directed action selection guided by intrinsic motivations an experiment with chi.pdf:pdf},
isbn = {3906225419610},
journal = {Experimental brain \ldots},
keywords = {action selction,action-outcome contingency,children,curiosity,intrinsic motivation,intrisic motivation,novelty},
mendeley-tags = {children,intrisic motivation},
title = {{Development of goal-directed action selection guided by intrinsic motivations: an experiment with children}},
url = {http://link.springer.com/article/10.1007/s00221-014-3907-z},
year = {2014}
}

@article{Stout2005,
author = {Stout, Andrew and Konidaris, GD and Barto, AG},
file = {:D$\backslash$:/boulot/PhD/divers/mendeley/Stout, Konidaris, Barto - 2005 - Intrinsically motivated reinforcement learning A promising framework for developmental robot learning.pdf:pdf},
title = {{Intrinsically motivated reinforcement learning: A promising framework for developmental robot learning}},
url = {http://oai.dtic.mil/oai/oai?verb=getRecord\&metadataPrefix=html\&identifier=ADA440079},
year = {2005}
}

@article{Oudeyer2007,
author = {Oudeyer, Pierre-Yves and Kaplan, Frederic},
doi = {10.3389/neuro.12.006.2007},
file = {:D$\backslash$:/boulot/PhD/divers/mendeley/Oudeyer, Kaplan - 2007 - What is Intrinsic Motivation A Typology of Computational Approaches.pdf:pdf},
issn = {1662-5218},
journal = {Frontiers in neurorobotics},
keywords = {artifi cial intelligence,cognitive development,computational modeling,curiosity,developmental robotics,exploration,intrinsic motivation,reinforcement learning,reward},
month = jan,
number = {November},
pages = {6},
pmid = {18958277},
title = {{What is Intrinsic Motivation? A Typology of Computational Approaches}},
url = {http://www.pubmedcentral.nih.gov/articlerender.fcgi?artid=2533589\&tool=pmcentrez\&rendertype=abstract},
volume = {1},
year = {2007}
}

@article{Barto2004,
author = {Barto, AG and Singh, S and Chentanez, N},
file = {:D$\backslash$:/boulot/PhD/divers/mendeley/Barto, Mi, Mi - Unknown - Intrinsically Motivated Learning of Hierarchical Collections of Skills.pdf:pdf},
journal = {Proc. 3rd Int. Conf. \ldots},
title = {{Intrinsically motivated learning of hierarchical collections of skills}},
url = {http://www.fias.uni-frankfurt.de/~triesch/courses/reinforcement/papers/BartoEtAl-NIPS2004.pdf},
year = {2004}
}

@article{Stone2000,
author = {Stone, Peter and Veloso, Manuela},
file = {:D$\backslash$:/boulot/PhD/divers/mendeley/Stone et al. - Unknown - Layered Learning.pdf:pdf},
journal = {Machine Learning: ECML 2000},
title = {{Layered learning}},
url = {http://link.springer.com/chapter/10.1007/3-540-45164-1\_38},
year = {2000}
}

@inproceedings{senft2015sparc,
  title={{SPARC: Supervised Progressively Autonomous Robot Competencies}},
  @author={Senft, Emmanuel and Baxter, Paul and Kennedy, James and Belpaeme, Tony},
  author={Senft, Emmanuel and others},
  @booktitle={Proceedings of the 7th International Conference on Social Robotics},
  booktitle={Proc. of the 7th Int. Conf. on Social Robotics},
  @pages={603--612},
  year={2015},
  @publisher={Springer}
}
@inproceedings{ray2008people,
  title={{What do people expect from robots?}},
  @author={Ray, C{\'e}line and Mondada, Francesco and Siegwart, Roland},
  author={Ray, C{\'e}line and others}, 
  @booktitle={International Conference on Intelligent RObots and Systems },
  booktitle={Proc. of the IEEE/RSJ 2008 Int. Conf. on Intelligent Robots and Systems},
  @pages={3816--3821},
  year={2008},
  organization={IEEE},
}

@article{dautenhahn2007socially,
  title={Socially intelligent robots: dimensions of human--robot interaction},
  author={Dautenhahn, Kerstin},
  journal={Philosophical Transactions of the Royal Society B: Biological Sciences},
  volume={362},
  number={1480},
  pages={679--704},
  year={2007},
  publisher={The Royal Society}
}

@article{coeckelbergh2015survey,
  title={{A Survey of Expectations About the Role of Robots in Robot-Assisted Therapy for Children with ASD: Ethical Acceptability, Trust, Sociability, Appearance, and Attachment}},
  @author={Coeckelbergh, Mark and Pop, Cristina and Simut, Ramona and Peca, Andreea and Pintea, Sebastian and David, Daniel and Vanderborght, Bram},
  author={Coeckelbergh, Mark and others},
  journal={Science and Engineering Ethics},
  pages={1--19},
  year={2015},
  publisher={Springer}
}

@incollection{hoefinghoff2015yes,
  title={{"Yes Dear, that Belongs into the Shelf!"-Exploratory Studies with Elderly People Who Learn to Train an Adaptive Robot Companion}},
  @author={Hoefinghoff, Jens and Rosenthal-von der P{\"u}tten, Astrid and Pauli, Josef and Kr{\"a}mer, Nicole},
  author={Hoefinghoff, Jens and others},
  booktitle={Proc. of the 7th Int. Conf. on Social Robotics},
  @pages={235--244},
  year={2015},
  @publisher={Springer}
}

@article{thomaz2008teachable,
  title={Teachable robots: Understanding human teaching behavior to build more effective robot learners},
  author={Thomaz, Andrea L and Breazeal, Cynthia},
  journal={Artificial Intelligence},
  volume={172},
  number={6},
  pages={716--737},
  year={2008},
  publisher={Elsevier}
}